@article{rader2014cdr,
  title={Система обнаружения аномального поведения абонентов телефонной сети},
  author={Малюков, ПН and Радер, РІ},
  journal={Вісник НТУУ" КПІ": Інформатика, управління та обчислювальна техніка},
  volume={2014},
  number={59},
  year={2014}
}
